<?xml version="1.0" encoding="UTF-8"?><record xmlns="http://www.loc.gov/MARC21/slim" xmlns:cinclude="http://apache.org/cocoon/include/1.0" xmlns:zs="http://www.loc.gov/zing/srw/">
  <leader>00321nz  a2200121n  4500</leader>
  <controlfield tag="001">nr2001002603</controlfield>
  <controlfield tag="003">DLC</controlfield>
  <controlfield tag="005">20010125034055.0</controlfield>
  <controlfield tag="008">010124n| acannaabn          |n aaa     c</controlfield>
  <datafield tag="010" ind1=" " ind2=" ">
    <subfield code="a">nr2001002603</subfield>
  </datafield>
  <datafield tag="040" ind1=" " ind2=" ">
    <subfield code="a">UkENL</subfield>
    <subfield code="b">eng</subfield>
    <subfield code="c">UkENL</subfield>
  </datafield>
  <datafield tag="100" ind1="1" ind2="0">
    <subfield code="a">McBride, Dione</subfield>
  </datafield>
  <datafield tag="670" ind1=" " ind2=" ">
    <subfield code="a">A guide to help desk technology, c2000:</subfield>
    <subfield code="b">t.p. (Dione McBride)</subfield>
  </datafield>
</record>